@article{hassan2004diseno,
    title={Dise{\~n}o web centrado en el usuario: usabilidad y arquitectura de la informaci{\'o}n},
    author={Hassan, Yusef and Mart{\'\i}n Fern{\'a}ndez, Francisco J and Iazza, Ghzala},
    journal={Hipertext.net},
    url={https://arxiu-web.upf.edu/hipertextnet/numero-2/diseno_web.html},
    number={2},
    year={2004},
    publisher={Secci{\'o}n Cient{\'\i}fica de Ciencias de la Documentaci{\'o}n{\textperiodcentered} Departamento de~…}
}

@book{Sommerville2005,
    author = {Ian Sommerville},
    title = {Ingeniería del software},
    year = {2005},
    editor = {{Pearson Educación. SA}},
    edition = {7},
    isbn = "84-7829-074-5",
    chapter = {6},
    pages = {108},
    pagetotal = {712},
}


@ARTICLE{IEEE610,
    author={{IEEE Computer Society}},
    journal={IEEE Std 610.12-1990},
    title={IEEE Standard Glossary of Software Engineering Terminology},
    year={1990},
    volume={},
    number={},
    pages={1-84},
    doi={10.1109/IEEESTD.1990.101064}}